@article{10.1112/blms/7.3.225,
    author = {Kendall, David G.},
    title = "{The Genealogy of Genealogy Branching Processes before (and after) 1873}",
    journal = {Bulletin of the London Mathematical Society},
    volume = {7},
    number = {3},
    pages = {225-253},
    year = {1975},
    month = {11},
    issn = {0024-6093},
    doi = {10.1112/blms/7.3.225},
    url = {https://doi.org/10.1112/blms/7.3.225},
    eprint = {https://academic.oup.com/blms/article-pdf/7/3/225/6694431/7-3-225.pdf},
}



